@Book{fogler,
author = {Fogler, S. H.},
title = {Elements of Chemical Reaction Engineering},
publisher = {Prentice Hall},
year = {2010},
edition = {4th Edition},
}

@Book{levenspiel,
author = {Levenspiel, O.},
title = {Chemical Reaction Engineering},
publisher = {John Wiley \& Sons},
year = {1999},
edition = {3rd Edition},
}

@Book{larson,
author = {Larson, M.G. and Bengzon, F.},
title = {The Finite Element Method: Theory, Implementation and Applications},
publisher = {Springer},
year = {2013},
edition = {First Edition},
}










